@online{wikibook-de,
	title = {Wikibooks Kochbuch},
	url = {http://de.wikibooks.org/wiki/Kochbuch}
}

@online{kuechengoetter:tomatenrisotto,
	title = {Tomatenrisotto},
	url = {http://www.kuechengoetter.de/rezepte/verschiedenes/Tomaten-Risotto-3441689.html},
	author = {lundi},
}

@book{gu:oriental_basics,
	title = {Oriental Basics},
	author = {Sebastian Dickhaut and Cornelia Schinharl},
	publisher = {GU},
	isbn = {9783774266247},
}

@book{gu:italian_basics,
	title = {Italian Basics},
	author = {Sebastian Dickhaut and Cornelia Schinharl},
	publisher = {GU},
	isbn = {9783774220058},
}
@article{nyt-fazzoletti-chunky-pesto,
	title = {Fazzoletti (Pasta Handkerchiefs) With Chunky Pesto},
	author = {Mark Bittman},
	journal = {New York Times},
	date = {2011-01-07},
	url = {http://www.nytimes.com/2011/01/12/dining/12minirex.html}
}
@article{nyt-minimalist-pasta-in-the-rought,
	title = {The Minimalist: Pasta in the Rough},
	author = {Mark Bittman},
	journal = {New York Times},
	date = {2011-01-07},
	url = {http://www.nytimes.com/2011/01/12/dining/12mini.html}
}
@article{nyt-shortcut-moussaka,
	title = {Shortcut Moussaka},
	author = {Melissa Clark},
	journal = {New York Times},
	date = {2011-10-21},
	url = {http://www.nytimes.com/2011/10/26/dining/shortcut-moussaka-recipe.html}
}
@article{nyt-lemony-couscous,
	title = {Lemony Couscous and Pecan Dressing With Parsley and Garlic},
	author = {Melissa Clark},
	journal = {New York Times},
	date = {2011-11-08},
	url = {http://www.nytimes.com/2011/11/09/dining/lemony-couscous-and-pecan-dressing-recipe.html},
}

@online{davidlebovitz-perfect-panna-cotta,
	title = {Perfect Panna Cotta Recipe},
	author = {David Lebovitz},
	date = {2009-04-06},
	url = {http://www.davidlebovitz.com/2009/04/perfect-panna-cotta/},
}

@book{oesterreichische-kueche-nach-rokitansky,
	title = {Die österreichische Küche nach Rokitansky},
	author = {Rokitansky, Marie von},
	editor = {István, Erich M.},
	editortype = {reviser},
	isbn = {3700404468},
}
